<record><leader>00000cas a22000007a 4500</leader><controlfield tag="001">14089777</controlfield><controlfield tag="008">860814c19849999wvuwr ne      0    0eng d</controlfield><datafield ind1=" " ind2=" " tag="010"><subfield code="a">sn 86092569 </subfield></datafield><datafield ind1=" " ind2=" " tag="040"><subfield code="a">WVC</subfield><subfield code="b">eng</subfield><subfield code="c">WVC</subfield><subfield code="d">OCL</subfield><subfield code="d">OCLCQ</subfield></datafield><datafield ind1=" " ind2=" " tag="042"><subfield code="a">msc</subfield></datafield><datafield ind1="0" ind2="0" tag="245"><subfield code="a">News leader.</subfield></datafield><datafield ind1=" " ind2=" " tag="260"><subfield code="a">Richwood, W. Va. :</subfield><subfield code="b">Jay Comstock,</subfield><subfield code="c">1984-</subfield></datafield><datafield ind1=" " ind2=" " tag="300"><subfield code="a">v.</subfield></datafield><datafield ind1=" " ind2=" " tag="310"><subfield code="a">Weekly</subfield></datafield><datafield ind1="0" ind2=" " tag="362"><subfield code="a">Vol. 38, no. 2 (June 20, 1984)-</subfield></datafield><datafield ind1=" " ind2=" " tag="500"><subfield code="a">Editor: Jim Comstock.</subfield></datafield><datafield ind1=" " ind2=" " tag="752"><subfield code="a">United States</subfield><subfield code="b">West Virginia</subfield><subfield code="c">Nicholas</subfield><subfield code="d">Richwood.</subfield></datafield><datafield ind1="0" ind2="0" tag="780"><subfield code="t">Nicholas County news leader</subfield><subfield code="w">(DLC)sn 86092220</subfield></datafield></record>